<record><leader>00000cas a2200000 a 4500</leader><controlfield tag="001">9567146</controlfield><controlfield tag="008">830602d19371954nbudn ne      0    0eng d</controlfield><datafield ind1=" " ind2=" " tag="010"><subfield code="a">sn 83045665 </subfield></datafield><datafield ind1=" " ind2=" " tag="040"><subfield code="a">CRL</subfield><subfield code="b">eng</subfield><subfield code="c">CRL</subfield><subfield code="d">NPW</subfield><subfield code="d">DLC</subfield><subfield code="d">NYS</subfield><subfield code="d">NVG</subfield><subfield code="d">OCL</subfield><subfield code="d">UBY</subfield><subfield code="d">CRL</subfield><subfield code="d">OCLCF</subfield></datafield><datafield ind1=" " ind2=" " tag="042"><subfield code="a">msc</subfield></datafield><datafield ind1=" " ind2=" " tag="043"><subfield code="a">n-us-nb</subfield></datafield><datafield ind1="0" ind2=" " tag="130"><subfield code="a">Evening world-herald (Omaha, Neb. : 1937)</subfield></datafield><datafield ind1="0" ind2="0" tag="245"><subfield code="a">Evening world-herald.</subfield></datafield><datafield ind1=" " ind2=" " tag="260"><subfield code="a">Omaha, Neb. :</subfield><subfield code="b">[World Pub. Co.],</subfield><subfield code="c">1937-</subfield></datafield><datafield ind1=" " ind2=" " tag="300"><subfield code="a">v.</subfield></datafield><datafield ind1=" " ind2=" " tag="310"><subfield code="a">Daily (except Sun.)</subfield></datafield><datafield ind1="0" ind2=" " tag="362"><subfield code="a">Aug. 25, 1937-</subfield></datafield><datafield ind1="1" ind2=" " tag="362"><subfield code="a">Ceased with Oct. 1, 1954.</subfield></datafield><datafield ind1=" " ind2=" " tag="580"><subfield code="a">Sunday ed.: Sunday world-herald (Omaha, Neb. : 1937).</subfield></datafield><datafield ind1=" " ind2=" " tag="580"><subfield code="a">Morning ed.: Morning world-herald (Omaha, Neb. : 1937).</subfield></datafield><datafield ind1=" " ind2="0" tag="651"><subfield code="a">Omaha (Neb.)</subfield><subfield code="v">Newspapers.</subfield></datafield><datafield ind1=" " ind2="7" tag="655"><subfield code="a">Newspapers.</subfield><subfield code="2">fast</subfield><subfield code="0">(OCoLC)fst01423814</subfield></datafield><datafield ind1=" " ind2="7" tag="651"><subfield code="a">Nebraska</subfield><subfield code="z">Omaha.</subfield><subfield code="2">fast</subfield><subfield code="0">(OCoLC)fst01204995</subfield></datafield><datafield ind1=" " ind2=" " tag="752"><subfield code="a">United States</subfield><subfield code="b">Nebraska</subfield><subfield code="c">Douglas</subfield><subfield code="d">Omaha.</subfield></datafield><datafield ind1="1" ind2=" " tag="775"><subfield code="t">Morning world-herald (Omaha, Neb. : 1937)</subfield><subfield code="w">(DLC)sn 83045766</subfield></datafield><datafield ind1="1" ind2=" " tag="775"><subfield code="t">Sunday world-herald (Omaha, Neb. : 1937)</subfield><subfield code="w">(DLC)sn 83045768</subfield></datafield><datafield ind1="0" ind2="0" tag="780"><subfield code="t">Omaha world-herald (Omaha, Neb. : 1928 : Evening ed.)</subfield></datafield><datafield ind1="0" ind2="5" tag="780"><subfield code="t">Omaha evening bee-news</subfield></datafield><datafield ind1="0" ind2="0" tag="785"><subfield code="t">Omaha world-herald (Omaha, Neb. : 1954 : Evening ed.)</subfield></datafield></record>